@misc{Basket,
  author = {Basket Savings Inc.},
  title = {{Basket - Grocery Shopping. Version 3.9.189 }},
  url = {https://apps.apple.com/us/app/basket-grocery-shopping/id1060139875},
  year = {2018}
}
@misc{Coupons,
  author = {Quotient Technology Inc.},
  title = {{Coupons.com: Shop \& Earn Cash. Version 6.9.0 }},
  url = {https://apps.apple.com/us/app/coupons-com-shop-earn-cash/id338380654},
  year = {2021}
}
@misc{Fetch,
  author = {Fetch Rewards Inc.},
  title = {{Fetch Rewards. Version 2.55.0 }},
  url = {https://apps.apple.com/us/app/fetch-rewards/id1182474649},
  year = {2021}
}
@misc{Flipp,
  author = {Flipp Corporation Inc.},
  title = {{Flipp - Weekly Shopping. Version 18.0.0}},
  url = {https://apps.apple.com/us/app/flipp-weekly-shopping/id725097967},
  year = {2021}
}
@misc{Honey,
  author = {Honey Science LLC},
  title = {{Honey: Coupons \& Cash Back. Version 2.2.3 }},
  url = {https://apps.apple.com/us/app/honey-coupons-cash-back/id1358499588},
  year = {2021}
}
@misc{Ibotta,
  author = {Ibotta Inc.},
  title = {{Ibotta: Save \& Earn Cash Back. Version 6.105.0 }},
  url = {https://apps.apple.com/us/app/ibotta-save-earn-cash-back/id559887125},
  year = {2021}
}
@misc{Rakuten,
  author = {Ebates Performance Marketing, Inc dba Rakuten Rewards},
  title = {{Rakuten: Earn Cash Back \& Save. Version 9.13.1 }},
  url = {https://apps.apple.com/us/app/rakuten-earn-cash-back-save/id723134859},
  year = {2021}
}



@misc{Lant2010,
author = {Lant, Michael},
booktitle = {Software Development, Agile Methods and the Intersection of People Process and Technology},
title = {{How To Make Your Project Not Suck by Using an Agile Project Charter}},
url = {http://michaellant.com/2010/05/18/how-to-make-your-project-not-suck/},
year = {2010}
}
@book{Rubin2012,
author = {Rubin, Kenneth S},
edition = {1st},
isbn = {0137043295, 9780137043293},
publisher = {Addison-Wesley Professional},
title = {{Essential Scrum: A Practical Guide to the Most Popular Agile Process}},
year = {2012}
}
@techreport{,
institution = {U.S. Department of Defense},
pages = {2--7},
title = {{DOD Sample Phase I Proposal}},
url = {http://www.acq.osd.mil/osbp/sbir/sb/resources/sample-proposals.shtml},
year = {2011}
}
